@article{echegoyen2020crosslingual,
  title={Cross-lingual Training for Multiple-Choice Question Answering},
  author={Echegoyen, Guillermo and Rodrigo, Alvaro and Pe{\~n}as, Anselmo},
  journal={Procesamiento del Lenguaje Natural},
  volume={64},
  year={2020}
}

@inproceedings{penas2019continuous,
  title={Continuous learning for question answering},
  author={Pe{\~n}as, Anselmo and Veron, Mathilde and Pradel, Camille and Otegi, Arantxa and Echegoyen, Guillermo and Rodrigo, Alvaro},
  booktitle={Tenth International Workshop on Spoken Dialogue Systems Technology (IWSDS)},
  year={2019}
}

@article{deriu2019survey,
  title={Survey on evaluation methods for dialogue systems},
  author={Deriu, Jan and Rodrigo, Alvaro and Otegi, Arantxa and Echegoyen, Guillermo and Rosset, Sophie and Agirre, Eneko and Cieliebak, Mark},
  journal={Artificial Intelligence Review},
  year={2020}
}

@inproceedings{veron2020cooking,
  title={A Cooking Knowledge Graph and Benchmark for Question Answering Evaluation in Lifelong Learning Scenarios},
  author={Veron, Mathilde and Penas, Anselmo and Echegoyen, Guillermo and Banerjee, Somnath and Ghannay, Sahar and Rosset, Sophie},
  booktitle={International Conference on Applications of Natural Language to Information Systems},
  pages={94--101},
  year={2020},
  organization={Springer, Cham}
}
